<record><leader>00000cas a2200000 a 4500</leader><controlfield tag="001">37237383</controlfield><controlfield tag="007">hd afu---bcca</controlfield><controlfield tag="008">970703c199u9999nyudr ne  o   0    0eng c</controlfield><datafield ind1=" " ind2=" " tag="010"><subfield code="a">sn 97033868 </subfield></datafield><datafield ind1=" " ind2=" " tag="040"><subfield code="a">HUL</subfield><subfield code="b">eng</subfield><subfield code="c">HUL</subfield><subfield code="d">SYS</subfield><subfield code="d">OCLCQ</subfield><subfield code="d">OCLCF</subfield><subfield code="d">OCLCO</subfield></datafield><datafield ind1=" " ind2=" " tag="012"><subfield code="i">9707</subfield></datafield><datafield ind1=" " ind2=" " tag="022"><subfield code="y">0362-4331</subfield></datafield><datafield ind1="1" ind2=" " tag="029"><subfield code="a">AU@</subfield><subfield code="b">000013352600</subfield></datafield><datafield ind1=" " ind2=" " tag="042"><subfield code="a">pcc</subfield></datafield><datafield ind1=" " ind2=" " tag="043"><subfield code="a">n-us-ny</subfield></datafield><datafield ind1="0" ind2=" " tag="130"><subfield code="a">New York times (New York, N.Y. : New England final ed.)</subfield></datafield><datafield ind1="1" ind2="4" tag="245"><subfield code="a">The New York times.</subfield></datafield><datafield ind1=" " ind2=" " tag="250"><subfield code="a">New England final.</subfield></datafield><datafield ind1=" " ind2=" " tag="260"><subfield code="a">New York, N.Y. :</subfield><subfield code="b">New York Times</subfield></datafield><datafield ind1=" " ind2=" " tag="300"><subfield code="a">v. :</subfield><subfield code="b">ill. ;</subfield><subfield code="c">56 cm.</subfield></datafield><datafield ind1=" " ind2=" " tag="310"><subfield code="a">Daily</subfield></datafield><datafield ind1=" " ind2=" " tag="500"><subfield code="a">Includes weather report and television schedule for Boston, Mass.</subfield></datafield><datafield ind1=" " ind2=" " tag="588"><subfield code="a">Description based on: Vol. 146, no. 50,842 (July 3, 1997).</subfield></datafield><datafield ind1=" " ind2="0" tag="651"><subfield code="a">New York (N.Y.)</subfield><subfield code="v">Newspapers.</subfield></datafield><datafield ind1=" " ind2="7" tag="655"><subfield code="a">Newspapers.</subfield><subfield code="2">fast</subfield><subfield code="0">(OCoLC)fst01423814</subfield></datafield><datafield ind1=" " ind2="7" tag="651"><subfield code="a">New York (State)</subfield><subfield code="z">New York.</subfield><subfield code="2">fast</subfield><subfield code="0">(OCoLC)fst01204333</subfield></datafield><datafield ind1=" " ind2=" " tag="752"><subfield code="a">United States</subfield><subfield code="b">New York</subfield><subfield code="c">New York</subfield><subfield code="d">New York.</subfield></datafield><datafield ind1="1" ind2=" " tag="775"><subfield code="t">New York times</subfield><subfield code="x">0362-4331</subfield><subfield code="w">(DLC)sn 78004456</subfield><subfield code="w">(OCoLC)1645522</subfield></datafield><datafield ind1=" " ind2=" " tag="850"><subfield code="a">MH-Lm</subfield></datafield><datafield ind1="3" ind2="3" tag="891"><subfield code="9">853</subfield><subfield code="8">1</subfield><subfield code="a">(year)</subfield><subfield code="b">(date)</subfield></datafield><datafield ind1="4" ind2="0" tag="891"><subfield code="9">863</subfield><subfield code="8">1</subfield><subfield code="a">&lt;1997&gt;-</subfield><subfield code="x">provisional</subfield></datafield></record>